@article{paper1,
 author = {Baran, Ilya and Popovi\'{c}, Jovan},
 title = {Automatic Rigging and Animation of 3D Characters},
 journal = {ACM Trans. Graph.},
 issue_date = {July 2007},
 volume = {26},
 number = {3},
 month = jul,
 year = {2007},
 issn = {0730-0301},
 articleno = {72},
 url = {http://doi.acm.org/10.1145/1276377.1276467},
 doi = {10.1145/1276377.1276467},
 acmid = {1276467},
 publisher = {ACM},
 address = {New York, NY, USA},
 keywords = {animation, deformations, geometric modeling},
} 

@article {paper2,
author = {Pan, JunJun and Yang, Xiaosong and Xie, Xin and Willis, Philip and Zhang, Jian J},
title = {Automatic rigging for animation characters with 3D silhouette},
journal = {Computer Animation and Virtual Worlds},
volume = {20},
number = {2-3},
publisher = {John Wiley & Sons, Ltd.},
issn = {1546-427X},
url = {http://dx.doi.org/10.1002/cav.284},
doi = {10.1002/cav.284},
pages = {121--131},
keywords = {rigging, curve skeleton, animation skeleton, medial axis, 3D silhouette},
year = {2009},
}
@article{paper3,
  added-at = {2012-05-10T00:00:00.000+0200},
  author = {Pantuwong, Natapon and Sugimoto, Masanori},
  biburl = {http://www.bibsonomy.org/bibtex/23d78b0eabb2ea72502eed1765dc08458/dblp},
  ee = {http://dx.doi.org/10.1002/cav.1429},
  interhash = {cfe0318c348653e0ff75fa0c8cd12662},
  intrahash = {3d78b0eabb2ea72502eed1765dc08458},
  journal = {Journal of Visualization and Computer Animation},
  keywords = {dblp},
  number = 2,
  pages = {125-141},
  timestamp = {2012-05-10T00:00:00.000+0200},
  title = {A novel template-based automatic rigging algorithm for articulated-character animation.},
  url = {http://dblp.uni-trier.de/db/journals/jvca/jvca23.html#PantuwongS12},
  volume = 23,
  year = 2012
}

@article{paper4,
 author = {Gingold, Yotam and Igarashi, Takeo and Zorin, Denis},
 title = {Structured Annotations for 2D-to-3D Modeling},
 journal = {ACM Trans. Graph.},
 issue_date = {December 2009},
 volume = {28},
 number = {5},
 month = dec,
 year = {2009},
 issn = {0730-0301},
 pages = {148:1--148:9},
 articleno = {148},
 numpages = {9},
 url = {http://doi.acm.org/10.1145/1618452.1618494},
 doi = {10.1145/1618452.1618494},
 acmid = {1618494},
 publisher = {ACM},
 address = {New York, NY, USA},
 keywords = {annotations, image-based modeling, interactive modeling, sketch-based modeling, user interfaces},
} 
